<?xml version="1.0" encoding="UTF-8"?><collection xmlns="http://www.loc.gov/MARC21/slim"><record><leader>00549nam--2200181-i-4500</leader><controlfield tag="001">000032604</controlfield><controlfield tag="002">20161230</controlfield><controlfield tag="005">20161230201039</controlfield><controlfield tag="008">060222s1000------------r-----000-0-eng-d</controlfield><datafield ind1=" " ind2=" " tag="040"><subfield code="a">IFIN-HH</subfield></datafield><datafield ind1=" " ind2=" " tag="080"><subfield code="a">801.323.2=590=82</subfield></datafield><datafield ind1="1" ind2=" " tag="100"><subfield code="a">Bolocan, Gheorghe</subfield></datafield><datafield ind1="1" ind2="0" tag="245"><subfield code="a">Dictionar roman-rus</subfield><subfield code="b">Ruminsko-russkii slovari</subfield><subfield code="c">Gheorghe bolocan, tatiana medvedev, tatiana vorontova</subfield></datafield><datafield ind1=" " ind2=" " tag="260"><subfield code="a">Bucuresti</subfield><subfield code="b">Editura Stiintifica Si Enciclopedica</subfield><subfield code="c">1980</subfield></datafield><datafield ind1=" " ind2=" " tag="300"><subfield code="a">1592P</subfield></datafield><datafield ind1="1" ind2=" " tag="700"><subfield code="a">Vorontova, Tatiana</subfield></datafield><datafield ind1=" " ind2=" " tag="852"><subfield code="a">D.542</subfield><subfield code="c">SLF</subfield></datafield><datafield ind1=" " ind2=" " tag="CAT"><subfield code="a">Sys</subfield><subfield code="c">20130214</subfield><subfield code="h">163438</subfield></datafield></record></collection>